@phdthesis{becher2020characterizing,
  title={Characterizing Few-Fermion Systems with Momentum Correlations},
  author={Becher, Jan Hendrik Willibald},
  year={2020}
}

@misc{Cross2017,
      title={Open Quantum Assembly Language}, 
      author={Andrew W. Cross and Lev S. Bishop and John A. Smolin and Jay M. Gambetta},
      year={2017},
      eprint={1707.03429},
      archivePrefix={arXiv},
      primaryClass={quant-ph}
}

@phdthesis{mil2020experimental,
  title={Experimental realization of U (1) gauge invariance in ultracold atomic mixtures},
  author={Mil, Alexander},
  year={2020}
}

@article{Jendrzejewski_2020,
	doi = {10.22541/au.159069218.83978492},
	url = {https://doi.org/10.22541%2Fau.159069218.83978492},
	year = 2020,
	month = {may},
	publisher = {Authorea,
Inc.},
	author = {Fred Jendrzejewski and Manuel Rudolph},
	title = {Can we run quantum circuits on ultra-cold atom devices?}
}

@article{mil2020scalable,
  title={A scalable realization of local U (1) gauge invariance in cold atomic mixtures},
  author={Mil, Alexander and Zache, Torsten V and Hegde, Apoorva and Xia, Andy and Bhatt, Rohit P and Oberthaler, Markus K and Hauke, Philipp and Berges, J{\"u}rgen and Jendrzejewski, Fred},
  journal={Science},
  volume={367},
  number={6482},
  pages={1128--1130},
  year={2020},
  publisher={American Association for the Advancement of Science}
}

@article{bergschneider2018spin,
  title={Spin-resolved single-atom imaging of Li 6 in free space},
  author={Bergschneider, Andrea and Klinkhamer, Vincent M and Becher, Jan Hendrik and Klemt, Ralf and Z{\"u}rn, Gerhard and Preiss, Philipp M and Jochim, Selim},
  journal={Physical Review A},
  volume={97},
  number={6},
  pages={063613},
  year={2018},
  publisher={APS}
}

@article{bergschneider2019experimental,
  title={Experimental characterization of two-particle entanglement through position and momentum correlations},
  author={Bergschneider, Andrea and Klinkhamer, Vincent M and Becher, Jan Hendrik and Klemt, Ralf and Palm, Lukas and Z{\"u}rn, Gerhard and Jochim, Selim and Preiss, Philipp M},
  journal={Nature Physics},
  volume={15},
  number={7},
  pages={640--644},
  year={2019},
  publisher={Nature Publishing Group}
}

@article{serwane2011deterministic,
  title={Deterministic preparation of a tunable few-fermion system},
  author={Serwane, Friedhelm and Z{\"u}rn, Gerhard and Lompe, Thomas and Ottenstein, TB and Wenz, AN and Jochim, S},
  journal={Science},
  volume={332},
  number={6027},
  pages={336--338},
  year={2011},
  publisher={American Association for the Advancement of Science}
}
